@article{KLV,
author={Käenmäki, A. and Lehrbäck, J. and Vuorinen, M.},
title={Dimensions, {Whitney} covers, and tubular neighborhoods},
journal={Indiana Univ. Math. J.},
volume={62},
year={2013},
pages={1861-1889}
}

@article{FH,
author={Fraser, J. M. and Howroyd, D. C.},
title={On the upper regularity dimensions of measures},
journal={Indiana Univ. Math. J.},
volume={69},
year={2020},
pages={685-712}
}

@article{H,
author={Hutchinson, J. E.},
title={Fractals and self-similarity},
journal={Indiana Univ. Math. J.},
volume={30},
year={1981},
pages={713-747}
}

@phdthesis{A,
author = {Assouad, P.},
title = {Espaces métriques, plongements, facteurs},
type = {Thèse de doctorat d’État},
school = {Univ. Paris XI},
address = {91405 Orsay},
year = {1977},
}

@article{T,
author = {Troscheit, S.},
title = {On quasisymmetric embeddings of the {Brownian} map and continuum trees},
journal = {Probab. Theor. Rel.},
volume = {179},
year = {2021},
pages = {1023-1046}
}

@article{O,
author = {Olsen, L.},
title={Self-affine multifractal {Sierpinski} sponges in {$R^d$}},
journal = {Pacific J. Math},
volume={183},
year={1998},
pages={143-199}
}

@book{F,
place={Cambridge},
series={Cambridge Tracts in Mathematics},
title={Assouad Dimension and Fractal Geometry},
DOI={10.1017/9781108778459},
publisher={Cambridge University Press},
author={Fraser, J. M.},
year={2020},
collection={Cambridge Tracts in Mathematics}
}

@article{Sch,
author={Schief, A.},
title={Separation properties for self-similar sets},
journal={Proc. Amer. Math. Soc.},
volume={122},
year={1994},
pages={111-115}
}

@article{Yung,
author={Yung, P.-L.},
title={Doubling Properties of Self-similar Measures},
journal={Indiana Univ. Math. J.},
volume={56},
pages={965-990},
year={2007}
}

@article{Barn,
author = {Barnsley, M. F. and Demko, S. G. and Elton, J. H. and Geronimo, J. S.},
title = {Invariant measures for {Markov} processes arising from iterated function systems with place-dependent probabilities},
journal = {Ann. I. H. Poincare-Pr.},
pages = {367--394},
publisher = {Gauthier-Villars},
volume = {24},
number = {3},
year = {1988},
zbl = {0653.60057},
url = {http://www.numdam.org/item/AIHPB_1988__24_3_367_0/}
}

@article{Fan,
author={Fan, A. H. and Lau, K.-L.},
title={Iterated Function System and {Ruelle} Operator},
journal={J. Math. Anal. Appl.},
volume={231},
pages={319-344},
year={1999}
}

@book{MT,
title = "Conformal Dimension: Theory and Application",
author = "Mackay, {J. M.} and Tyson, {J. T.}",
year = "2010",
language = "English (US)",
isbn = "9780821852293",
series = "University Lecture Series",
publisher = "American Mathematical Society",
address = "United States",
}

@article{KFF,
title={Minkowski dimension for measures},
author={Falconer, K. J. and Fraser, J. M. and Käenmäki, A.},
journal={preprint},
year={2020}
}

@article{BJK,
author = {Bárány, B. and Jurga, N. and Kolossváry, I.},
title = "{On the Convergence Rate of the Chaos Game}",
journal = {Int. Math. Res. Notices},
year = {2022},
month = {01},
issn = {1073-7928},
doi = {10.1093/imrn/rnab370},
url = {https://doi.org/10.1093/imrn/rnab370},
note = {rnab370},
}

@article{KL,
title={Conformal {Assouad} dimension and modulus},
author={Keith, S. and Laakso, T.},
journal={Geom. Funct. Anal.},
volume={14},
pages={1278-1321},
year={2004}
}

@book{Bow,
author={Bowen, R.},
title={Equilibrium states and the ergodic theory of {Anosov} Diffeomorphisms},
publisher={Springer-Verlag},
year={1975}
}

@book{Kig,
author={Kigami, J.},
title={Analysis on Fractals},
publisher="Cambridge University Press",
year={2001}
}

@article{LS,
 author = {Luukkainen, J. and Saksman, E.},
 journal = {Proc. Am. Math. Soc.},
 number = {2},
 pages = {531--534},
 publisher = {American Mathematical Society},
 title = {Every Complete Doubling Metric Space Carries a Doubling Measure},
 volume = {126},
 year = {1998}
}

@article{VK,
 author = {Vol'berg, A. L. and Konyagin, S. V.},
 journal = {Soviet Math. Dokl.},
 pages = {453-456},
 title = {There is a homogeneous measure on any compact subset in {$\R^n$}},
 language={Russian},
 volume = {30},
 year = {1984}
}

@book{Falc1,
author={Falconer, K.},
title={Techniques in Fractal Geometry},
publisher={John Wiley \& Sons Ltd},
year={1996},
}

@article{MU,
  title={Dimensions and Measures in Infinite Iterated Function Systems},
  author={R. D. Mauldin and M. Urba\'{n}ski},
  journal={P. Lond. Math. Soc.},
  year={1996},
  volume={73},
  pages={105-73}
}

@article{LR,
  title={{Assouad} Dimension, {Nagata} Dimension, and Uniformly Close Metric Tangents},
  author={Le Donne, E. and Rajala, T.},
  journal={Indiana Univ. Math. J.},
  year={2015},
  volume={64},
  pages={21-54}
}

@article{BHR,
author={Bárány, B. and Hochman, M. and Rapaport, A.},
title={Hausdorff dimension of planar self-affine sets and measures},
journal={Invent. Math.},
volume={216},
pages={601-659},
year={2019}
}

@article{HR,
author={Hochman, M. and Rapaport, A.},
title={Hausdorff dimension of planar self-affine sets and measures with overlaps},
journal={J. Eur. Math. Soc.},
year={2021},
note={published online first},
DOI="10.4171/JEMS/1127"
}

@article{Hoch,
author={Hochman, M.},
title={On self-similar sets with overlaps and inverse theorems
for entropy},
journal={Ann. Math.},
year={2014},
pages={773–82},
volume={180}
}

@article{
BBL,
author={Björn, A. and Björn, J. and Lehrbäck, J.},
title={Sharp capacity estimates for annuli in weighted {$\R^n$} and in metric spaces},
journal={Math. Z.},
year={2017},
pages={1173–1215},
volume={286}
}

@article{
Heur,
author={Heurteaux, Y.},
title={Estimations de la dimension inférieure et de la
dimension supérieure des mesures},
journal={Ann. I. H. Poincare-Pr.},
year={1998},
pages={309-338},
volume={34}
}

